%% --------------------------------------------------------------
%% general
%% --------------------------------------------------------------
@preamble{"\newcommand{\SortNoop}[1]{}"}

@string{and = " and " }       %% concatenation of authors
@string{proc = "Proc. " }     %% Proceedings

@string{jan = "January" }     %% publication months
@string{feb = "February" }
@string{mar = "March" }
@string{apr = "April" }
@string{may = "May" }
@string{jun = "June" }
@string{jul = "July" }
@string{aug = "August" }
@string{sep = "September" }
@string{oct = "October" }
@string{nov = "November" }
@string{dec = "December" }

@string{first = "1st" }       %% book editions
@string{second = "2nd" }
@string{third = "3rd" }
@string{fourth = "4th" }
@string{fifth = "5th" }
@string{sixth = "6th" }
@string{seventh = "7th" }
@string{eighth = "8th" }
@string{ninth = "9th" }
@string{tenth = "10th" }


%% --------------------------------------------------------------
%% authors
%% --------------------------------------------------------------

@string{NameF = "Firstname Name"}


%% --------------------------------------------------------------
%% publishers
%% --------------------------------------------------------------


@string{acm-press = "ACM" }
@string{acad = " Academic Press" }
@string{ad-wes = "Addison-Wesley" }
@string{ak-ver = "Akademie-Verlag" }
@string{ams = "American Mathematical Society" }
@string{teubner = "B. G. Teubner" }
@string{birkh = "Birkh{\"a}user-Verlag" }
@string{crc = "CRC Press" }
@string{camb-u-p = "Cambridge University Press" }
@string{cs = "Computer Science Press" }
@string{dover = "Dover Publications" }
@string{elsevier = "Elsevier" }
@string{ieee-cs = "IEEE Computer Society" }
@string{ieee = "IEEE" }
@string{jai = "JAI Press" }
@string{wiley = "John Wiley \& Sons" }
@string{kluwer = "Kluwer" }
@string{mit = "MIT Press" }
@string{math-as-am = "Mathematical Association of America" }
@string{mcgraw-hill = "McGraw-Hill" }
@string{morgan-k = "Morgan-Kaufmann" }
@string{north-h = "North-Holland" }
@string{oxford = "Oxford University Press" }
@string{pergamon = "Pergamon Press" }
@string{prentice = "Prentice Hall" }
@string{princeton = "Princeton University Press" }
@string{siam = "SIAM" }
@string{simon = "Simon \& Schuster" }
@string{springer = "Springer-Verlag" }
@string{vieweg = "Verlag Vieweg" }
@string{freeman = "W. H. Freeman" }
@string{wiley-inter = "Wiley-Interscience" }
@string{world = "World Scientific Publishing" }
@string{csur = "ACM Comput. Surv." }
%% --------------------------------------------------------------
%% journals and conference proceedings
%% --------------------------------------------------------------

@string{algorithmica = "Algorithmica" }
@string{cgta = "Comput. Geom." } %(CGTA)
@string{siggraph = "Comput. Graph." } % (SIGGRAPH)
@string{dcg = "Discrete Comput. Geom." } % (DCG)
@string{jocg = "J. of Comput. Geom." } % (DCG)
@string{icalp = " Internat. Colloq. Automata Lang. Program. (ICALP)"} %(ICALP)
@string{ipl = "Inform. Process. Lett." } % (IPL)
@string{ijcga = "Internat. J. Comput. Geom. Appl." } % (IJCGA)
@string{jacm = "J. ACM" }
@string{jalg = "J. Algorithms" }
@string{infcomp = "Inform. and Comput." }
@string{jcss = "J. Comput. System Sci." }
@string{soda = " Annu. ACM-SIAM Symp. Discrete Algorithms (SODA)" } %(SODA)
@string{scg = " Annu. Symp. Comput. Geom. (SoCG)" } % (SCG)
@string{stoc = " Annu. ACM Symp. Theory Comput. (STOC)" } % (STOC)
@string{esa = " Annu. European Symp. Algorithms (ESA)" } % (ESA)
@string{focs = " Annu. IEEE Symp. Found. Comput. Sci. (FOCS)" } % (FOCS)
@string{isaac = " Annu. Internat. Symp. Algorithms Comput. (ISAAC)" } % (ISAAC)
@string{cccg = " Canad. Conf. Comput. Geom. (CCCG)" } % (CCCG)
@string{ewcg = " European Workshop Comput. Geom. (EWCG)" } % (EWCG)
@string{tcs = "Theoret. Comput. Sci." } % (TCS)
@string{wads =  " Int. Symp. Algorithms Data Structures (WADS)"},
@string{sicomp = "SIAM J. Comput."}
@string{stacs = " Symp. Theoret. Aspects Comput. Sci. (STACS)"} % (STACS)
@string{swat = " Scand. Symp. Workshops Algorithm Theory (SWAT)"} % (SWAT)
@string{lncs = "Lecture Notes in Computer Science"} % (LNCS)
@string{alenex = "Workshop on Algorithm Engineering and Experiments (ALENEX)"} %ALENEX
@string{sjcc = "AFIPS Spring Joint Computer Conferences" }
@string{talg = "ACM Transactions on Algorithms" }
@string{cacm = "Commun. ACM" }
@string{jgaa = "J. Graph Algorithms Appl." }
@string{jog = "Journal of Geometry"}
@string{walcom = " Int. Conf. Alg. Comp. (WALCOM)"}
@string{approx-random = " Int. Conf. Alg. Comp. (WALCOM)"}


@book{AroraBa09,
  author    = {Sanjeev Arora and
               Boaz Barak},
  title     = {Computational Complexity - A Modern Approach},
  publisher = camb-u-p,
  year      = {2009},
}

@book{Goldreich08,
  author    = {Oded Goldreich},
  title     = {Computational complexity - a conceptual perspective},
  publisher = camb-u-p,
  year      = {2008},
}

@article{Chernoff52,
    AUTHOR = {Chernoff, Herman},
     TITLE = {A measure of asymptotic efficiency for tests of a hypothesis
              based on the sum of observations},
   JOURNAL = {Ann. Math. Statistics},
    VOLUME = {23},
      YEAR = {1952},
     PAGES = {493--507},
}

@article{Hoeffding63,
    AUTHOR = {Hoeffding, Wassily},
     TITLE = {Probability inequalities for sums of bounded random 
     variables},
   JOURNAL = {J. Amer. Statist. Assoc.},
    VOLUME = {58},
      YEAR = {1963},
     PAGES = {13--30},
      ISSN = {0162-1459},
}

@book{Bernstein64,
  title = {Sobranie Sochinenii [Collected Works]},
  author = {Bernstein, Sergei Natanovich},
  year = {1964},
  publisher = {Nauka, Moscow}
}

@book{KleinbergTa06,
  author    = {Jon M. Kleinberg and
               {\'{E}}va Tardos},
  title     = {Algorithm design},
  publisher = ad-wes,
  year      = {2006},
}

@book{CormenLeRiSt09,
  author    = {Thomas H. Cormen and
               Charles E. Leiserson and
               Ronald L. Rivest and
               Clifford Stein},
  title     = {Introduction to Algorithms},
  edition   = {3rd},
  publisher = mit,
  year      = {2009},
}

@book{AlonSp16,
  author    = {Noga Alon and
               Joel Spencer},
  title     = {The Probabilistic Method},
  publisher = wiley-inter,
  year      = {2016},
}

@book{MotwaniRa95,
  author    = {Rajeev Motwani and
               Prabhakar Raghavan},
  title     = {Randomized Algorithms},
  publisher = camb-u-p,
  year      = {1995},
}

@book{MitzenmacherUp17,
  author    = {Michael Mitzenmacher and
               Eli Upfal},
  title     = {Probability and Computing: Randomization and 
                Probabilistic Techniques in Algorithms and Data Analysis},
  publisher = camb-u-p,
  year      = {2017},
  edition   = {2nd},
}

@book{DubhashiPa09,
  author    = {Devdatt P. Dubhashi and
               Alessandro Panconesi},
  title     = {Concentration of Measure for the Analysis 
  of Randomized Algorithms},
  publisher = camb-u-p,
  year      = {2009},
}

@article{HagerupRu90,
  author    = {Torben Hagerup and
               Christine R{\"{u}}b},
  title     = {A Guided Tour of {C}hernoff Bounds},
  journal   = ipl,
  volume    = {33},
  number    = {6},
  pages     = {305--308},
  year      = {1990},
}

@incollection{McDiarmid98,
    AUTHOR = {McDiarmid, Colin},
     TITLE = {Concentration},
 BOOKTITLE = {Probabilistic methods for algorithmic discrete mathematics},
    SERIES = {Algorithms Combin.},
    VOLUME = {16},
     PAGES = {195--248},
 PUBLISHER = springer,
      YEAR = {1998},
}

@article{ChungLu06,
  author    = {Fan R. K. Chung and
               Lincoln Lu},
  title     = {Concentration Inequalities and Martingale Inequalities: {A}
               Survey},
  journal   = {Internet Mathematics},
  volume    = {3},
  number    = {1},
  pages     = {79--127},
  year      = {2006},
}

@book{CoverTo06,
    AUTHOR = {Cover, Thomas M. and Thomas, Joy A.},
     TITLE = {Elements of information theory},
   EDITION = {2en},
 PUBLISHER = wiley-inter,
      YEAR = {2006},
}

@article{Azuma67,
    AUTHOR = {Azuma, Kazuoki},
     TITLE = {Weighted sums of certain dependent random variables},
   JOURNAL = {T\^ohoku Math. J. (2)},
    VOLUME = {19},
      YEAR = {1967},
     PAGES = {357--367},
}

@article{Chvatal79,
  author    = {Vasek Chv{\'{a}}tal},
  title     = {The tail of the hypergeometric distribution},
  journal   = {Discrete Mathematics},
  volume    = {25},
  number    = {3},
  pages     = {285--287},
  year      = {1979},
}

@inproceedings{ImpagliazzoKa10,
  author    = {Russell Impagliazzo and
               Valentine Kabanets},
  title     = {Constructive Proofs of Concentration Bounds},
  booktitle = {Proc. 13th Int. Conf. Approx. (APPROX) and 14th Int. 
  Conf. Rand. Comb. Opt. (RANDOM)},
  pages     = {617--631},
  year      = {2010},
}

@article{MorinMuRe17,
 author = {Morin, Pat and Mulzer, Wolfgang and Reddad, Tommy},
 title = {Encoding Arguments},
 journal = csur,
 volume = {50},
 number = {3},
 year = {2017},
 pages = {46:1--46:36},
} 

@unpublished{SteinkeUl17,
  author    = {Thomas Steinke and
               Jonathan Ullman},
  title     = {Subgaussian Tail Bounds via Stability Arguments},
  note    = {\texttt{arXiv:1701.03493}},
  year      = {2017},
}

@article{DworkRo14,
  author    = {Cynthia Dwork and
               Aaron Roth},
  title     = {The Algorithmic Foundations of Differential Privacy},
  journal   = {Foundations and Trends in Theoretical Computer Science},
  volume    = {9},
  number    = {3-4},
  pages     = {211--407},
  year      = {2014},
}

@unpublished{Mulzer17,
  author = {Wolfgang Mulzer},
  title  = {Five Proofs of {C}hernoff's Bound with 
            Applications},
  year   = {2017},
  note   = {\texttt{unpublished manuscript}}
}
